% https://tug.ctan.org/info/biblatex-cheatsheet/biblatex-cheatsheet.pdf

@book {sachsHunger,
  place={Wien},
  title={Astronomical Diaries and Related Texts from Babylonia},
  publisher={Verlag der Österreichischen Akademie der Wissenschaften},
  author={Sachs, Abraham J. and Hunger, Hermann},
  volume=1,
  year={1988}
}

@book {steeleIntro,
  title={A Brief Introduction to Astronomy in the Middle East},
  publisher={Saqi},
  author={Steele, John M.},
  year={2008}
}

@book {parkerDubberstein,
  title={Babylonian Chronology, 626 B.C. – A.D. 45},
  publisher={University of Chicago Press},
  author={Parker, Richard A. and Dubberstein, Waldo H.},
  year={1942}
}

@book {ACT,
  title={Astronomical Cuneiform Texts},
  publisher={Lund Humphries and Springer Science},
  author={Neugebauer, Otto},
  year={1955}
}

@article{jones,
 author = {Jones, Alexander},
 journal = {Archive for History of Exact Sciences},
 number = {6},
 pages = {475--536},
 publisher = {Springer},
 title = {A Study of Babylonian Observations of Planets Near Normal Stars},
 volume = {58},
 year = {2004}
}

@article{steele,
author = {Steele, John M.},
title ={Planetary Latitudes in Babylonian Mathematical Astronomy},
journal = {Journal for the History of Astronomy},
volume = {34},
number = {3},
pages = {269-289},
year = {2003}
}

@article{JCS,
 URL = {http://www.jstor.org/stable/1359371},
 author = {Neugebauer, Otto and Sachs, Abraham J.},
 journal = {Journal of Cuneiform Studies},
 pages = {183--218},
 publisher = {American Schools of Oriental Research},
 title = {Some Atypical Astronomical Cuneiform Texts. I},
 volume = {21},
 year = {1967}
}

URL = {https://brill.com/display/book/edcoll/9789004397767/BP000005.xml},
@incollection{whoWrote,
 booktitle = {Keeping Watch in Babylon: The Astronomical Diaries in Context},
 author = {Robson, Eleanor},
 publisher = {Brill},
 title = {Who Wrote the Babylonian Astronomical Diaries?},
 year = {2019}
}